@book{Liu2013,
    title={LATEX入门},
    author={刘海洋},
    publisher={电子工业出版社},
    address = {北京},
    year={2013},
    edition  = {第1版},
}

@article{Driscoll2024aaa,
	title={{AAA} rational approximation on a continuum},
	author={Driscoll, Tobin A and Nakatsukasa, Yuji and Trefethen, Lloyd N},
	journal={SIAM Journal on Scientific Computing},
	volume={46},
	number={2},
	pages={A929--A952},
	year={2024},
	publisher={SIAM},
}

@phdthesis{phd1,
  author       = {杨保军},
  title        = {新闻道德论},
  address      = {北京},
  school       ={人民大学},
  publisher    = {中国人民大学出版社},
  year         = {2012},
}

@book{book:fan2014,
  author       = {Fan, Xuetong and Sommers, Christopher H.},
  title        = {Food Irradiation Research and Technology},
  edition      = {2nd ed},
  address      = {Ames, Iowa},
  publisher    = {Blackwell Publishing},
  year         = {2013},
}
@book{book:xie2012,
  author       = {哈里森·沃尔德伦},
  translator   = {谢远涛},
  title        = {经济数学与金融数学},
  address      = {北京},
  publisher    = {中国人民大学出版社},
  year         = {2012},
  edition      = {第2版}
}
@book{book:xu2010,
  author       = {徐光宪 and 王祥云},
  title        = {物质结构},
  address      = {北京},
  publisher    = {科学出版社},
  year         = {2010},
}




@article{art:yuan2012,
  author       = {袁训来 and 陈哲 and 肖书海 and others},
  title        = {蓝田生物群: 一个认识多细胞生物起源和早期演化的新窗口},
  journal      = {科学通报},
  year         = {2012},
  volume       = {57},
  number       = {34},
  pages        = {3219},
}

@article{art:frese2013,
  author       = {Frese, Karen S. and Katus, Hugo A. and Meder, Benjamin},
  title        = {Next-generation Sequencing: from Understanding Biology to Personalized Medicine},
  journal      = {Biology},
  year         = {2013},
  volume       = {2},
  number       = {1},
  pages        = {378--398},
}

@inproceedings{inpro:jia2011,
  author       = {贾东琴 and 柯平},
  title        = {面向数字素养的高校图书馆数字服务体系研究},
  booktitle    = {中国图书馆学会年会论文集},
  address      = {北京},
  publisher    = {国家图书馆出版社},
  year         = {2011},
  pages        = {45--52},
}


@techreport{tech:zh2013,
  author       = {中华人民共和国国务院新闻办公室},
  title        = {国防白皮书: 中国武装力量的多样化运用},
  address      = {北京},
  year         = {2013},
  publisher    = {中华人民共和国国务院},
}


@phdthesis{phd:ma2011,
  author       = {马欢},
  title        = {人类活动影响下海河流域典型区水循环变化分析},
  address      = {北京},
  school       = {清华大学},
  year         = {2011},
}


@mastersthesis{master:ma2011,
  author       = {马某某},
  title        = {硕士论文应该怎样写才能够通过答辩},
  address      = {魔都},
  school       = {一流大学},
  year         = {2011},
}

@patent{pat:deng2006,
  author       = {邓一刚},
  title        = {全智能节电器},
  address      = {中华人民共和国},
  number       = {200610171314.3},
  date      = {2006-12-13},
}


@standard{satand:gbt25100,
  author       = {全国信息与文献标准化技术委员会},
  title        = {信息与文献\quad 都柏林核心元数据元素集},
  number       = {GB/T 25100—2010},
  address      = {北京},
  publisher    = {中国标准出版社},
  date         = {2010},
}

@newspaper{news:yu2013,
  author       = {余建斌},
  title        = {我们的科技一直在追赶: 访中国工程院院长周济},
  journal      = {人民日报},
  entrysubtype = {newspaper},
  year         = {2013},
  date         = {2013-01-12},
  number       = {2},
}


@online{DB:zhao2014,
  author       = {赵学功},
  title        = {当代美国外交},
  address      = {北京},
  publisher    = {社会科学文献出版社},
  date         = {2001},
  mark         = {DB/OL},
  urldate      = {2014-06-11},
  url          = {http://www.cadal.zju.edu.cn/book/trySinglePage/33023884/1},
}


@online{JOL:2008,
  author       = {李炳穆},
  title        = {韩国图书馆法},
  journal      = {图书情报工作},
  date         = {2008},
  mark         = {J/OL},
  url          = {http://www.docin.com/p-400265742.html},
}



@online{Online:2013,
  author       = {Bawden, D},
  title        = {Origins and Concepts of Digital Literacy},
  year         = {2008},
  date         = {2008-05-04},
  mark         = {EB/OL},
  urldate      = {2013-03-08},
  url          = {http://www.soi.city.ac.uk/~dbawden/digital%20literacy%20chapter.pdf},
}